<?xml version="1.0" encoding="UTF-8" ?><marc:collection xmlns:marc="http://www.loc.gov/MARC21/slim" xmlns:xsi="http://www.w3.org/2001/XMLSchema-instance" xsi:schemaLocation="http://www.loc.gov/MARC21/slim http://www.loc.gov/standards/marcxml/schema/MARC21slim.xsd">
<marc:record><marc:leader>00483am  a2000181  4500 </marc:leader>
<marc:controlfield tag="003">b0000000000</marc:controlfield>
<marc:controlfield tag="003">HETACHI</marc:controlfield><marc:controlfield tag="005">0240317192239.0</marc:controlfield><marc:controlfield tag="008">40317</marc:controlfield><marc:datafield tag="020" ind1=" " ind2=" "><marc:subfield code="a">9781133587552</marc:subfield></marc:datafield><marc:datafield tag="040" ind1=" " ind2=" "><marc:subfield code="a">THETACHI</marc:subfield><marc:subfield code="c">THETACHI</marc:subfield></marc:datafield><marc:datafield tag="100" ind1=" " ind2=" "><marc:subfield code="a">WAHOO.</marc:subfield></marc:datafield><marc:datafield tag="245" ind1=" " ind2=" "><marc:subfield code="a">Biology :</marc:subfield><marc:subfield code="b">The Dynamic Science</marc:subfield><marc:subfield code="c">WAHOO</marc:subfield></marc:datafield><marc:datafield tag="250" ind1=" " ind2=" "><marc:subfield code="a">1 ed.</marc:subfield></marc:datafield><marc:datafield tag="260" ind1=" " ind2=" "><marc:subfield code="a">USA :</marc:subfield><marc:subfield code="b">Brooks/Cole,</marc:subfield><marc:subfield code="c">2013.</marc:subfield></marc:datafield><marc:datafield tag="300" ind1=" " ind2=" "><marc:subfield code="a">1 v. ;</marc:subfield><marc:subfield code="c">cm.</marc:subfield></marc:datafield><marc:datafield tag="500" ind1=" " ind2=" "><marc:subfield code="a">; 245c not directly copied. Oops.</marc:subfield></marc:datafield><marc:datafield tag="852" ind1=" " ind2=" "><marc:subfield code="p">jb0000000000</marc:subfield><marc:subfield code="j">BOOK</marc:subfield><marc:subfield code="g">BOOK</marc:subfield><marc:subfield code="c">None</marc:subfield><marc:subfield code="l">BNOX</marc:subfield><marc:subfield code="o">BNOX</marc:subfield><marc:subfield code="z">Available</marc:subfield><marc:subfield code="y">1</marc:subfield></marc:datafield></marc:record>
</marc:collection>
